@online{fontawesome_license,
    author    = {{Font Awesome}},
    title     = {Font Awesome License},
    year      = {2024},
    url       = {https://github.com/FortAwesome/Font-Awesome/blob/afecf2af5d897b763e5e8e28d46aad2f710ccad6/LICENSE.txt},
    urldate   = {2024-07-01}
}
@online{ol_license,
    author    = {{OpenLayers}},
    title     = {OpenLayers License},
    year      = {2024},
    url       = {https://github.com/openlayers/openlayers/blob/2ba18fbafbc2dd2b056c27f71b4ec8599f9785cd/LICENSE.md},
    urldate   = {2024-07-01}
}
